@techreport{Steedman92catg,
  author = {Mark Steedman},
  title = {Categorial Grammar},
  institution = {},
  year = {1992}
}
@article{DBLP:journals/corr/Rojas15,
  author    = {Raul Rojas},
  title     = {A Tutorial Introduction to the Lambda Calculus},
  journal   = {CoRR},
  volume    = {abs/1503.09060},
  year      = {2015},
  url       = {http://arxiv.org/abs/1503.09060},
  archivePrefix = {arXiv},
  eprint    = {1503.09060},
  timestamp = {Mon, 13 Aug 2018 16:48:20 +0200},
  biburl    = {https://dblp.org/rec/bib/journals/corr/Rojas15},
  bibsource = {dblp computer science bibliography, https://dblp.org}
}
@techreport{Steedman96avery,
  author      = {Mark Steedman},
  title       = {A Very Short Introduction to CCG},
  institution = {},
  year        = {1996}
}
@article{DBLP:journals/corr/Rama14b,
  author    = {Taraka Rama},
  title     = {Supertagging: Introduction, learning, and application},
  journal   = {CoRR},
  volume    = {abs/1412.6264},
  year      = {2014},
  url       = {http://arxiv.org/abs/1412.6264},
  archivePrefix = {arXiv},
  eprint    = {1412.6264},
  timestamp = {Mon, 13 Aug 2018 16:49:15 +0200},
  biburl    = {https://dblp.org/rec/bib/journals/corr/Rama14b},
  bibsource = {dblp computer science bibliography, https://dblp.org}
}
